@article{brougham2018smart,
  title={Smart technology, artificial intelligence, robotics, and algorithms (STARA): Employeesâ€™ perceptions of our future workplace},
  author={Brougham, David and Haar, Jarrod},
  journal={Journal of Management \& Organization},
  volume={24},
  number={2},
  pages={239--257},
  year={2018},
  publisher={Cambridge University Press}
}

@inproceedings{siau2017impact,
  title={Impact of artificial intelligence, robotics, and machine learning on sales and marketing},
  author={Siau, Keng and Yang, Yin},
  booktitle={Twelve Annual Midwest Association for Information Systems Conference (MWAIS 2017)},
  pages={18--19},
  year={2017}
}