@article{yang2012game,
  title={A game-theoretic approach for optimal time-of-use electricity pricing},
  author={Yang, Peng and Tang, Gongguo and Nehorai, Arye},
  journal={IEEE Transactions on Power Systems},
  volume={28},
  number={2},
  pages={884--892},
  year={2012},
  publisher={IEEE}
}

@article{sheen1994time,
  title={Time-of-use pricing for load management programs in Taiwan Power Company},
  author={Sheen, J-N and Chen, C-S and Yang, J-K},
  journal={IEEE Transactions on Power Systems},
  volume={9},
  number={1},
  pages={388--396},
  year={1994},
  publisher={IEEE}
}

@article{zhou2017multiobjective,
  title={Multiobjective model of time-of-use and stepwise power tariff for residential consumers in regulated power markets},
  author={Zhou, Bin and Yang, Rui and Li, Canbing and Cao, Yijia and Wang, Qin and Liu, Ju},
  journal={IEEE Systems Journal},
  volume={12},
  number={3},
  pages={2676--2687},
  year={2017},
  publisher={IEEE}
}

@article{zeng2018hybrid,
  title={Hybrid probabilistic-possibilistic approach for capacity credit evaluation of demand response considering both exogenous and endogenous uncertainties},
  author={Zeng, Bo and Wei, Xuan and Zhao, Dongbo and Singh, Chanan and Zhang, Jianhua},
  journal={Applied energy},
  volume={229},
  pages={186--200},
  year={2018},
  publisher={Elsevier}
}

@inproceedings{li2014development,
  title={Development of time-of-use price by clustering techniques},
  author={Li, Ran and Wang, Zhimin and Le Blond, Simon and Li, Furong},
  booktitle={2014 IEEE PES General Meeting| Conference \& Exposition},
  pages={1--5},
  year={2014},
  organization={IEEE}
}

@article{celebi2012time,
  title={Time-of-use pricing in electricity markets under different market structures},
  author={Celebi, Emre and Fuller, J David},
  journal={IEEE Transactions on Power Systems},
  volume={27},
  number={3},
  pages={1170--1181},
  year={2012},
  publisher={IEEE}
}

@article{safdarian2014medium,
  title={A medium-term decision model for DisCos: Forward contracting and TOU pricing},
  author={Safdarian, Amir and Fotuhi-Firuzabad, Mahmud and Lehtonen, Matti},
  journal={IEEE Transactions on Power Systems},
  volume={30},
  number={3},
  pages={1143--1154},
  year={2014},
  publisher={IEEE}
}

@article{ren2017probabilistic,
  title={Probabilistic power flow analysis of power systems incorporating tidal current generation},
  author={Ren, Zhouyang and Wang, Ke and Li, Wenyuan and Jin, Liming and Dai, Yi},
  journal={IEEE Transactions on Sustainable Energy},
  volume={8},
  number={3},
  pages={1195--1203},
  year={2017},
  publisher={IEEE}
}

@inproceedings{liu2008kernel,
  title={Kernel bisecting k-means clustering for SVM training sample reduction},
  author={Liu, Xiao-Zhang and Feng, Guo-Can},
  booktitle={2008 19th International Conference on Pattern Recognition},
  pages={1--4},
  year={2008},
  organization={IEEE}
}

@article{yang2019optimal,
  title={Optimal Time of Use Electricity Pricing Model and Its Application to Electrical Distribution System},
  author={Yang, Hejun and Wang, Lei and Ma, Yinghao},
  journal={IEEE Access},
  volume={7},
  pages={123558--123568},
  year={2019},
  publisher={IEEE}
}

@article{kirschen2003demand,
  title={Demand-side view of electricity markets},
  author={Kirschen, Daniel S},
  journal={IEEE Transactions on power systems},
  volume={18},
  number={2},
  pages={520--527},
  year={2003},
  publisher={IEEE}
}

@article{kirschen2000factoring,
  title={Factoring the elasticity of demand in electricity prices},
  author={Kirschen, Daniel S and Strbac, Goran and Cumperayot, Pariya and de Paiva Mendes, Dilemar},
  journal={IEEE Transactions on Power Systems},
  volume={15},
  number={2},
  pages={612--617},
  year={2000},
  publisher={IEEE}
}

@article{cao2011optimized,
  title={An optimized EV charging model considering TOU price and SOC curve},
  author={Cao, Yijia and Tang, Shengwei and Li, Canbing and Zhang, Peng and Tan, Yi and Zhang, Zhikun and Li, Junxiong},
  journal={IEEE Transactions on Smart Grid},
  volume={3},
  number={1},
  pages={388--393},
  year={2011},
  publisher={IEEE}
}

@article{yang2018reliability,
  title={Reliability evaluation of power system considering time of use electricity pricing},
  author={Yang, Hejun and Wang, Lei and Zhang, Yeyu and Tai, Heng-Ming and Ma, Yinghao and Zhou, Ming},
  journal={IEEE Transactions on Power Systems},
  volume={34},
  number={3},
  pages={1991--2002},
  year={2018},
  publisher={IEEE}
}

@article{witten2002data,
  title={Data mining: practical machine learning tools and techniques with Java implementations},
  author={Witten, Ian H and Frank, Eibe},
  journal={Acm Sigmod Record},
  volume={31},
  number={1},
  pages={76--77},
  year={2002},
  publisher={ACM New York, NY, USA}
}